@misc{gpl,
 title = {GNU General Public License, version 3},
 author = {Richard Stallman},
 note = {Last retrieved 2012-05-10},
 year = {2007},
 month = {June}
}
